@incollection{InRu11a,
    year={2011},
    isbn={978-3-642-25565-6},
    booktitle={Learning and Intelligent Optimization},
    volume={6683},
    series={Lecture Notes in Computer Science},
    editor={Coello, Carlos A.Coello},
    doi={10.1007/978-3-642-25566-3_20},
    title={Supervised Learning Linear Priority Dispatch Rules for Job-Shop 
    Scheduling},
    url={http://dx.doi.org/10.1007/978-3-642-25566-3_20},
    publisher={Springer Berlin Heidelberg},
    author={Ingimundardottir, Helga and Runarsson, Thomas Philip},
    pages={263-277},
    language={English}
}  % citation verified springer

@INPROCEEDINGS{InRu11b, 
    author={Ingimundardottir, H. and Runarsson, T.P.}, 
    booktitle={Intelligent Systems Design and Applications (ISDA), 2011 11th 
    International Conference on}, 
    title={Sampling Strategies in Ordinal Regression for Surrogate Assisted 
    Evolutionary Optimization}, 
    year={2011}, 
    month={Nov}, 
    pages={1158-1163}, 
    keywords={approximation theory;evolutionary computation;regression 
    analysis;approximate ranking;evolutionary computation;optimization;ordinal 
    regression analysis;sampling strategy;surrogate models;true 
    ranking;Accuracy;Approximation methods;Computational modeling;Intelligent 
    systems;Numerical models;Optimization;Training;evolutionary 
    optimization;ordinal regression;sampling;surrogate models}, 
    doi={10.1109/ISDA.2011.6121815}, 
    ISSN={2164-7143},
    publisher={IEEE}
} % citation verified on IEEE

@incollection{InRu12,
    year={2012},
    isbn={978-3-642-34412-1},
    booktitle={Learning and Intelligent Optimization},
    series={Lecture Notes in Computer Science},
    editor={Hamadi, Youssef and Schoenauer, Marc},
    doi={10.1007/978-3-642-34413-8_36},
    title={Determining the Characteristic of Difficult Job Shop Scheduling 
    Instances for a Heuristic Solution Method},
    url={http://dx.doi.org/10.1007/978-3-642-34413-8_36},
    publisher={Springer Berlin Heidelberg},
    author={Ingimundardottir, Helga and Runarsson, Thomas Philip},
    pages={408-412},
    language={English}
}  % citation verified springer
@incollection{InRu14,
	title={Evolutionary Learning of Weighted Linear Composite Dispatching Rules 
	for Scheduling},
	author={Ingimundardottir, Helga and Runarsson, Thomas Philip},
	year = {2014},
	booktitle = {Computational Intelligence, IJCCI 2014, Revised Selected 
	Papers},
    series = {Studies in Computational Intelligence},
    editor={Juan Julian Merelo, Agostinho Rosa, José M. Cadenas, António 
    Dourado, Kurosh Madani, Joaquim Filipe},
    publisher={Springer} 
} % ecta2014 - later published on SPRINGER as Revised and Selected Papers of 
%the International Joint Conference IJCCI 2014 held in Rome, Italy, October 2014
@incollection{InRu15a,
    year={2015},
    isbn={978-3-319-19083-9},
    booktitle={Learning and Intelligent Optimization},
    volume={8994},
    series={Lecture Notes in Computer Science},
    editor={Dhaenens, Clarisse and Jourdan, Laetitia and Marmion, 
    Marie-Eléonore},
    doi={10.1007/978-3-319-19084-6_22},
    title={Generating Training Data for Learning Linear Composite Dispatching 
    Rules for Scheduling},
    url={http://dx.doi.org/10.1007/978-3-319-19084-6_22},
    publisher={Springer International Publishing},
    author={Ingimundardóttir, Helga and Philip Rúnarsson, Thomas},
    pages={236-248},
    language={English}
}% lion9
@unpublished{InRu15b, 
    author = {Ingimundardottir, Helga and Runarsson, Thomas Philip},
    affiliation = {School of Engineering and Natural Sciences, University of    
    Iceland, Iceland},
    title = {Performance Analysis and Imitation Learning for Linear Composite 
    Dispatch Rules for Scheduling},
    year = {2015},
    booktitle = {Journal of Scheduling},
    publisher = {Springer},
    note = {Submitted to}
}% joh.features